@article{kshetri2017can,
  title={Can blockchain strengthen the internet of things?},
  author={Kshetri, Nir},
  journal={IT Professional},
  volume={19},
  number={4},
  pages={68--72},
  year={2017},
  publisher={IEEE}
}

@article{gubbi2013internet,
  title={Internet of Things (IoT): A vision, architectural elements, and future directions},
  author={Gubbi, Jayavardhana and Buyya, Rajkumar and Marusic, Slaven and Palaniswami, Marimuthu},
  journal={Future generation computer systems},
  volume={29},
  number={7},
  pages={1645--1660},
  year={2013},
  publisher={Elsevier}
}

@article{nakamoto2008bitcoin,
  title={Bitcoin: A peer-to-peer electronic cash system},
  author={Nakamoto, Satoshi},
  year={2008},
  publisher={Working Paper}
}

@article{Atzori2010,
archivePrefix = {arXiv},
arxivId = {arXiv:1011.1669v3},
author = {Atzori, Luigi and Iera, Antonio and Morabito, Giacomo},
doi = {10.1016/j.comnet.2010.05.010},
eprint = {arXiv:1011.1669v3},
file = {:Users/admin/Documents/Graduation{\_}thesis/thesis/Internet-of-Things-servey.pdf:pdf},
isbn = {1389-1286},
issn = {13891286},
journal = {Computer Networks},
number = {15},
pages = {2787--2805},
pmid = {25246403},
publisher = {Elsevier B.V.},
title = {{The Internet of Things: A survey}},
url = {http://linkinghub.elsevier.com/retrieve/pii/S1389128610001568},
volume = {54},
year = {2010}
}

@inproceedings{dorri2017towards,
  title={Towards an optimized blockchain for IoT},
  author={Dorri, Ali and Kanhere, Salil S and Jurdak, Raja},
  booktitle={Proceedings of the Second International Conference on Internet-of-Things Design and Implementation},
  pages={173--178},
  year={2017},
  organization={ACM}
}

@article{popov2016tangle,
  title={The tangle},
  author={Popov, Serguei},
  journal={cit. on},
  pages={131},
  year={2016}
}

@misc{kusmierz2017first,
  title={The first glance at the simulation of the Tangle: discrete model},
  author={Kusmierz, B},
  year={2017}
}

@inproceedings{croman2016scaling,
  title={On scaling decentralized blockchains},
  author={Croman, Kyle and Decker, Christian and Eyal, Ittay and Gencer, Adem Efe and Juels, Ari and Kosba, Ahmed and Miller, Andrew and Saxena, Prateek and Shi, Elaine and Sirer, Emin G{\"u}n and others},
  booktitle={International Conference on Financial Cryptography and Data Security},
  pages={106--125},
  year={2016},
  organization={Springer}
}

@article{Vermesan2009,
abstract = {The meaning of things lies not in the things themselves, but in our attitude towards them},
author = {Vermesan, Ovidiu and Friess, Peter and Guillemin, Patrick and Gusmeroli, Sergio and Sundmaeker, Harald and Bassi, Alessandro and Jubert, Ignacio Soler and Mazura, Margaretha and Harrison, Mark and Eisenhauer, Markus and Doody, Pat and Peter, Friess and Patrick, Guillemin and Sergio, Gusmeroli and {Harald, Sundmaeker Alessandro}, Bassi and {Ignacio Soler}, Jubert and Margaretha, Mazura and Mark, Harrison and Markus, Eisenhauer and Pat, Doody},
doi = {http://internet-of-things-research.eu/pdf/IoT_Cluster_Strategic_Research_Agenda_2011.pdf},
file = {:Users/admin/Documents/Graduation{\_}thesis/thesis/IoT{\_}Cluster{\_}Strategic{\_}Research{\_}Agenda{\_}2011.pdf:pdf},
isbn = {978-87-92329-67-7},
issn = {0036-8733},
journal = {Internet of Things Strategic Research Roadmap},
pages = {9--52},
pmid = {15487673},
title = {{Internet of Things Strategic Research Roadmap}},
url = {http://sintef.biz/upload/IKT/9022/CERP-IoT SRA{\_}IoT{\_}v11{\_}pdf.pdf},
year = {2009}
}

@article{Bouloukakis2016,
author = {Bouloukakis, Georgios and Georgantas, Nikolaos and Billet, Benjamin and Bouloukakis, Georgios and Georgantas, Nikolaos and Revisiting, Benjamin Billet},
file = {:Users/admin/Documents/Graduation{\_}thesis/thesis/icsoc-main.pdf:pdf},
title = {{Revisiting Service-oriented Architecture for the IoT : A Middleware Perspective To cite this version : Revisiting Service-oriented Architecture for the IoT : A Middleware Perspective}},
year = {2016}
}

@article{Perera2014,
archivePrefix = {arXiv},
arxivId = {1305.0982},
author = {Perera, Charith and Zaslavsky, Arkady and Christen, Peter and Georgakopoulos, Dimitrios},
doi = {10.1109/SURV.2013.042313.00197 T4 - A Survey M4 - Citavi},
eprint = {1305.0982},
file = {:Users/admin/Documents/Graduation{\_}thesis/thesis/context-aware-computing.pdf:pdf},
issn = {1553-877X},
journal = {IEEE Communications Surveys {\&} Tutorials},
number = {1},
pages = {414--454},
title = {{Context Aware Computing for The Internet of Things}},
url = {file:///C:/03{\_}OneDrive/OneDrive/Dokumente/00{\_}Projekte/Citavi 5/Projects/Allgemeine Literatursammlung/Citavi Attachments/Context Aware Computing for Internet of Things.pdf},
volume = {16},
year = {2014}
}

@inproceedings{decker2013information,
  title={Information propagation in the bitcoin network},
  author={Decker, Christian and Wattenhofer, Roger},
  booktitle={Peer-to-Peer Computing (P2P), 2013 IEEE Thirteenth International Conference on},
  pages={1--10},
  year={2013},
  organization={IEEE}
}

@inproceedings{dorri2017blockchain,
  title={Blockchain for IoT security and privacy: The case study of a smart home},
  author={Dorri, Ali and Kanhere, Salil S and Jurdak, Raja and Gauravaram, Praveen},
  booktitle={Pervasive Computing and Communications Workshops (PerCom Workshops), 2017 IEEE International Conference on},
  pages={618--623},
  year={2017},
  organization={IEEE}
}
